2938 3403
1341 49 1342 52 '
1400 54 1488 101 VII

334 200 459 255 Volgo
487 203 596 243 enim
623 204 842 243 orationem
864 215 935 256 per
962 202 1123 256 singula
1162 200 1330 241 disticha
1358 202 1415 241 sic
1442 202 1692 255 dispescunt,
1721 207 1765 243 ut
1790 204 1988 244 sententia
2015 205 2177 256 eadem,
2206 207 2272 245 ‘ex
2301 206 2417 245 domo
2447 205 2541 245 Plu-

331 288 440 327 tonia
466 289 668 328 neminem
697 289 824 329 redire
850 288 982 341 posse'
1015 290 1156 341 quater
1181 287 1276 326 satis
1305 287 1548 338 ineleganter
1568 291 1776 340 repetatur.
1832 288 1906 327 Cui
1934 290 2183 330 incommodo
2206 291 2310 342 quod
2332 292 2407 329 viri
2436 291 2538 330 docti

331 374 638 425 transpositione
663 385 855 413 versuum
884 383 1116 412 succurrere
1144 372 1275 411 conati
1316 375 1431 422 sunt,
1473 371 1648 410 remedio
1681 373 1723 409 in
1756 373 1944 425 elegiacis
1978 376 2105 425 poetis
2138 388 2218 414 non
2255 377 2390 414 minus
2420 388 2537 428 saepe

331 470 450 509 quam
476 459 620 498 frustra
646 459 856 508 temptato,
900 456 988 496 eius
1028 455 1251 496 medicinae
1286 457 1554 509 opportunitas
1591 457 1673 496 iam
1707 459 1843 495 nostra
1877 459 2072 497 sermonis
2103 458 2356 498 distinctione
2385 460 2540 498 sublata

331 554 422 582 esse
446 544 618 583 videtur:
655 555 788 594 neque
811 541 984 594 amplius
1007 531 1062 581 'ad
1089 553 1138 581 ea
1164 540 1450 592 interpretandi
1478 540 1643 580 artificia
1671 539 1886 593 confugere
1915 553 2016 593 opus
2046 542 2138 591 erit,
2179 543 2326 594 quibus
2355 545 2539 583 nonnulli

332 627 566 680 interpretes
593 640 738 668 vocum
767 628 810 666 in
838 627 1123 679 exsequiarum
1149 626 1229 665 ritu
1255 625 1533 675 sollemnium,
1560 624 1673 663 velut
1700 624 1892 676 ‘funeris',
1929 625 2144 677 ‘sepulcri',
2169 627 2280 679 ‘rogi’
2310 627 2537 667 discrimine

328 712 507 765 neglecto
533 714 691 765 poetam
719 724 786 753 eas
821 711 1047 765 promiscue
1074 721 1145 764 pro
1185 709 1364 750 lubidine
1393 719 1611 762 usurpasse
1652 711 1885 747 statuerunt.
1942 709 2068 749 Immo
2112 711 2322 750 verborum
2365 715 2536 763 proprie-

330 799 431 837 tates
458 797 668 851 diligenter
695 795 930 836 observasse
958 794 1210 848 Propertium
1236 807 1307 846 par
1334 800 1394 833 est
1421 797 1459 832 et
1486 806 1533 832 ea
1562 806 1681 846 quam
1710 796 1989 846 praemisimus
2009 796 2278 846 interpretatio
2298 799 2534 849 comprobat,

328 882 444 921 modo
472 884 514 921 in
543 882 682 922 ultimo
718 894 839 923 versu
877 880 1046 920 herbosos
1074 910 1084 919 .
1106 910 1115 919 .
1140 893 1249 932 rogos
1284 878 1426 918 referre
1463 878 1578 918 liceat
1615 879 1662 917 ad
1702 881 1911 931 antiquum
1943 882 2064 920 huius
2102 883 2210 920 vocis
2239 894 2356 920 usum
2385 894 2435 920 ex
2462 883 2532 921 hu-

329 968 463 1007 mandi
494 980 604 1008 more
631 969 764 1020 prisco
793 967 1082 1020 explicandam.
1138 965 1413 1017 Comperimus
1452 967 1559 1004 enim
1602 978 1653 1004 ex
1684 964 1811 1005 bustis
1841 965 2003 1005 Gallicis
2033 965 2226 1007 Vercellis
2255 968 2416 1007 detectis
2445 974 2482 1008 et
2510 982 2532 1007 a

326 1052 482 1092 Bruzza
510 1054 718 1105 descriptis
760 1053 962 1104 (aem-izimzi
1000 1052 1190 1091 Vere-ellesi
1221 1064 1259 1103 p.
1289 1051 1358 1101 L1;
1402 1052 1495 1089 novi
1532 1064 1583 1089 ex
1629 1050 1883 1102 Marquardtii
1927 1054 2231 1104 antiquitatibus
2260 1056 2425 1104 privatis
2455 1055 2531 1094 VII

327 1139 363 1189 l,
390 1137 483 1190 381)
510 1150 651 1191 rogum
694 1140 895 1191 quondam
937 1141 1252 1190 superstructum
1279 1138 1405 1176 fuisse
1438 1138 1598 1185 foveae,
1639 1138 1680 1174 in
1720 1150 1800 1187 qua
1838 1151 1996 1189 corpore
2039 1145 2209 1177 cremato
2251 1152 2342 1178 ossa
2371 1140 2530 1192 delapsa

326 1223 469 1276 glaeba
495 1225 660 1277 insuper
685 1225 831 1265 iniecta
857 1223 1137 1266 condebantur.
1173 1223 1359 1263 Eundem
1387 1234 1536 1262 morem
1566 1224 1600 1260 si
1628 1223 1731 1274 apud
1758 1224 1932 1276 reliquos
1961 1223 2096 1262 ltaliae
2124 1226 2293 1276 populos
2321 1226 2529 1278 indigenas

324 1309 578 1349 observatum
606 1321 695 1349 esse
725 1310 960 1361 statuimus,
1000 1310 1143 1349 mirum
1183 1320 1272 1349 esse
1316 1309 1456 1361 nequit
1498 1307 1604 1360 quod
1649 1308 1782 1359 ‘roqus'
1817 1310 1951 1361 paullo
1980 1308 2162 1348 liberiore
2192 1321 2268 1348 usu
2295 1311 2425 1361 ipsum
2454 1312 2528 1349 hoc

324 1395 478 1432 ossium
506 1396 622 1445 quasi
646 1395 905 1434 conditorium
937 1393 1233 1446 significaverit,
1261 1406 1353 1433 cum
1380 1394 1613 1445 praesertim
1644 1392 1718 1432 hoc
1759 1393 1996 1433 vocabulum
2031 1394 2135 1446 apud
2163 1394 2338 1435 Italiotas
2371 1396 2519 1435 ‘horrei'

323 1478 612 1530 significatione
653 1482 886 1532 usurpatum
923 1491 1012 1518 esse
1050 1478 1278 1517 testimonia
1318 1477 1366 1517 ab
1405 1477 1455 1516 H.
1486 1478 1654 1518 Iordane
1697 1480 1737 1516 in
1782 1478 2085 1529 quaestionibus
2115 1479 2162 1518 de
2192 1479 2337 1519 latinae
2366 1480 2529 1533 linguae

321 1565 484 1605 historia
508 1578 546 1617 p.
568 1567 619 1605 84
643 1568 861 1618 composita
889 1567 1071 1605 doceant:
1113 1566 1154 1604 cf
1190 1565 1302 1617 ρὀγοί,
1347 1565 1436 1617 σιροί
1464 1565 1609 1615 σι-τικοί,
1640 1566 1884 1613 σιτοβολῶνες
1923 1564 2096 1614 Hesych.
2125 1579 2154 1603 s.
2188 1579 2221 1603 v.
2251 1572 2289 1604 et
2316 1562 2527 1616 σιτοβόλια·

319 1653 443 1689 ταῦτα
462 1646 506 1689 δὲ
531 1648 661 1705 ρογοὺς
689 1651 918 1690 Σικελιῶται
949 1646 1141 1704 ὠνόμαζον
1173 1651 1235 1687 καὶ
1263 1652 1342 1686 ἐστι
1365 1646 1530 1701 τοῦνομα
1563 1649 1600 1686 ἐν
1623 1645 2088 1703 ἘπιχάρμουΒουσίριδι.
2135 1653 2267 1703 Atque
2295 1654 2371 1691 loci
2400 1652 2529 1692 clausi

319 1740 358 1776 et
387 1735 566 1788 obsaepti
591 1738 719 1788 notio,
761 1741 804 1776 ut
841 1738 903 1775 hic
930 1740 1136 1789 propterea
1175 1737 1378 1788 aptissima
1407 1739 1467 1774 est
1501 1737 1593 1786 quia
1621 1740 1731 1786 porta
1758 1748 1874 1788 rogos
1902 1737 2084 1776 obserare
2113 1737 2273 1786 dieitur,
2299 1739 2353 1775 ita
2377 1749 2451 1776 nec
2478 1737 2527 1776 ab

321 1824 443 1863 altero
486 1823 678 1876 Propertii
717 1838 838 1864 versu
879 1823 953 1875 (IV
984 1824 1019 1875 7,
1065 1825 1104 1872 2)
1144 1823 1273 1863 aliena
1314 1834 1403 1862 esse
1442 1821 1599 1862 videtur
1634 1829 1716 1861 suut
1755 1822 1900 1875 aliquid
1940 1822 2095 1861 Manes.-
2138 1823 2248 1861 letum
2288 1835 2361 1860 nou
2403 1824 2526 1860 omnia

306 1910 418 1961 finit,
461 1909 661 1962 luridaque
694 1911 823 1948 evectos
862 1910 988 1962 effugit
1024 1909 1157 1946 umbra
1197 1923 1322 1959 roqos,
1367 1907 1425 1945 sic
1463 1908 1571 1945 enim
1602 1908 1834 1947 iamdudum
1865 1908 2056 1947 librorum
2090 1908 2299 1947 meliorum
2337 1909 2528 1960 scriptura

318 1993 495 2033 ‘evinctos’
539 1994 604 2033 vel
633 1994 814 2033 ιι>ιἰι7κ,·ιοε’
851 1996 957 2033 recte
1000 1993 1207 2033 emendata
1249 1997 1330 2031 est:
1378 1994 1473 2031 vicit
1509 1993 1617 2031 enim
1658 1993 1798 2031 umbra
1836 1994 2007 2033 claustra
2020 1995 2066 2045 *).
2123 1994 2265 2045 Neque
2301 1994 2526 2033 inconsulto

317 2081 465 2120 variata
493 2084 554 2120 est
581 2083 702 2121 oratio
728 2093 775 2120 ea
809 2093 859 2120 re·
881 2081 988 2133 quod
1030 2093 1133 2133 quae
1161 2082 1255 2118 vivo
1293 2083 1333 2118 ot
1361 2084 1500 2131 vegeto
1529 2081 1667 2118 marito
1694 2082 1940 2131 nequiquam
1969 2083 2011 2119 in
2048 2094 2185 2132 preces
2226 2082 2351 2120 effuso
2391 2080 2526 2131 ‘niqra’

316 2166 444 2207 obstat
471 2169 592 2207 ianua
619 2168 707 2219 leti,
750 2168 891 2208 eadem
918 2166 1083 2206 umbrae
1110 2168 1222 2206 inani
1251 2170 1289 2205 et
1315 2166 1416 2205 lucis
1445 2167 1702 2218 colorumque
1739 2179 1862 2205 sensu
1892 2168 2048 2207 orbatae
2075 2172 2113 2206 et
2141 2170 2227 2219 ipsa
2266 2167 2416 2205 ‘lurida'
2458 2180 2525 2205 vo-

315 2258 435 2292 catur.
491 2252 701 2293 ‘Herbosos'
735 2257 867 2293 autem
900 2253 972 2292 hos
1000 2265 1117 2305 rogos
1146 2253 1243 2305 quin
1271 2256 1358 2305 apte
1386 2252 1642 2305 appellaverit
1683 2258 1799 2303 poeta
1825 2258 1983 2304 propter
2006 2253 2171 2305 glaebae
2199 2254 2453 2310 iniectionem
2483 2254 2523 2290 in

314 2340 598 2391 exsequiarum
625 2340 703 2378 ritu
732 2339 965 2379 sollemnem
994 2341 1074 2380 iam
1102 2352 1181 2380 non
1212 2343 1272 2380 est
1299 2339 1405 2392 quod
1429 2339 1667 2380 dubitamus.
1725 2340 1900 2380 Alterius
1930 2340 2104 2397 denique
2134 2341 2328 2379 enuntiati
2359 2341 2524 2379 formam

313 2425 539 2476 parenthesi
565 2426 770 2478 paulisper
810 2426 1059 2466 obscuratam
1096 2428 1346 2478 agnoverunt
1369 2426 1607 2478 interpretes
1647 2427 1690 2465 in
1721 2426 1906 2478 exemplo
1946 2426 2117 2478 gemello
2158 2426 2262 2478 quod
2304 2426 2449 2478 legitur
2480 2428 2522 2464 in

312 2514 407 2552 diris
444 2514 559 2552 lenae
600 2512 658 2551 IV
687 2515 721 2562 5,
763 2515 812 2552 41
857 2526 931 2566 sq:
976 2529 1038 2553 nec
1078 2521 1111 2553 te
1149 2513 1305 2553 Medeae
1345 2514 1516 2553 delectent
1549 2514 1698 2564 probra
1739 2515 1902 2567 sequacis
1943 2514 2092 2564 (nempe
2133 2514 2214 2553 tulit
2242 2514 2387 2566 fastu-s,
2430 2529 2521 2552 ausa

311 2611 444 2648 royare
488 2599 636 2650 primy,
673 2600 737 2637 sed
772 2600 900 2649 potius
948 2600 1081 2639 mumli
1125 2597 1235 2639 Thais
1282 2600 1452 2649 pretiosa
1498 2599 1721 2647 Alenaudm',
1769 2614 1852 2639 cum
1880 2600 1976 2652 ferd
2019 2607 2157 2639 astutos
2198 2599 2334 2639 comica
2374 2597 2519 2637 ”wecho

311 2684 435 2725 Getas.
491 2683 602 2724 Sicut
628 2687 737 2725 enim
765 2685 829 2724 liic
856 2686 1012 2726 additur
1039 2698 1110 2725 cur
1136 2686 1276 2727 Medea
1306 2699 1377 2738 pro
1400 2687 1592 2739 obsequio
1620 2686 1761 2738 probra
1788 2687 1932 2737 tulerit,
1961 2687 2019 2725 sic
2045 2685 2226 2725 Cornelia
2253 2686 2423 2737 explicat
2449 2697 2519 2724 cur

311 2772 440 2810 mariti
466 2782 604 2823 preces
629 2784 652 2811 a
676 2771 759 2810 Diti
785 2777 894 2825 patre
928 2772 1056 2811 audiri
1080 2784 1201 2823 posse
1229 2776 1449 2825 negaverit,
1480 2775 1630 2813 scilicet
1657 2786 1707 2812 ne
1734 2774 1974 2825 perveniunt
2002 2773 2165 2824 quidem
2194 2785 2321 2823 usque
2348 2771 2396 2810 ad
2425 2768 2516 2809 Plu·

309 2859 458 2899 toniam
487 2858 619 2899 aulam
647 2873 670 2900 a
698 2860 828 2900 surdis
854 2859 1035 2900 litoribus
1063 2861 1316 2913 interceptae.

517 2944 643 2989 ‘Haec
671 2948 805 2999 enim,
853 2947 984 3001 pergit
1020 2946 1224 3000 Cornelia,
1262 2950 1324 2986 est
1350 2947 1418 2986 lex
1447 2947 1545 2986 dura
1573 2948 1713 2985 maesti
1741 2947 1927 2985 carminis
1957 2946 2063 2997 quod
2090 2946 2210 2985 tubae
2238 2946 2389 2985 funeris
2417 2948 2516 2985 ceci-

518 3051 553 3092 *)
577 3050 641 3091 Qui
665 3049 825 3084 orationis
850 3050 940 3085 color
962 3051 1100 3086 evanuit
1121 3051 1158 3086 in
1180 3051 1291 3087 Ovidii
1325 3052 1517 3087 imitatione
1550 3052 1654 3094 (trist.
1679 3051 1729 3085 IV
1756 3051 1804 3092 10,
1828 3050 1899 3094 86):
1929 3051 1959 3081 εἰ
1987 3058 2086 3082 tamen
2123 3052 2267 3083 extinctck·
2306 3051 2424 3091 aliquid
2458 3052 2518 3081 nisi

309 3119 431 3150 nomina
453 3124 554 3150 restat
576 3124 606 3150 et
629 3118 765 3159 qracilis
788 3124 922 3150 structos
945 3118 1059 3162 qffuyt't
1074 3121 1180 3153 umbra
1206 3131 1310 3163 royos.
