2938 3403
1431 69 1495 117 IV

344 218 452 270 quod
478 219 611 260 medio
640 220 727 260 loeo
755 221 903 273 legitur
930 220 1145 270 distichon,
1180 219 1285 271 quod
1320 217 1608 287 sententiarum
1651 230 1815 258 cursum
1843 231 1867 257 a
1889 218 2062 258 filiorum
2089 220 2355 273 appellatione
2383 219 2431 258 ad
2458 218 2564 258 filiae

344 305 660 346 admonitionem
682 308 1001 360 progredientem
1028 308 1315 358 interrumpere
1340 305 1559 355 videretur,
1587 306 1848 344 eximendum
1878 308 1917 344 et
1944 308 1988 344 ut
2014 317 2068 345 ex
2095 307 2399 358 interpolatione
2425 310 2563 344 natum

344 390 563 430 delendum
608 403 700 431 esse
742 393 910 431 censuit.
978 393 1103 444 Atqui
1130 393 1242 442 ipsae
1270 402 1404 430 rerum
1433 392 1471 429 et
1499 390 1709 430 hominum
1752 390 1949 430 nobilium
1990 391 2053 430 his
2096 380 2283 430 'versibus
2326 402 2565 430 commemo-

350 478 527 516 ratorum
556 476 750 527 rationes,
795 478 830 516 si
876 478 1098 517 accuratius
1128 477 1428 525 examinentur,
1454 478 1536 515 tam
1564 478 1652 527 apte
1681 476 1901 514 concinunt
1930 478 1974 514 ut
2002 477 2119 528 quasi
2145 476 2315 515 clamare
2343 476 2564 526 videantur,

347 574 403 602 ne
426 564 575 603 certam
603 563 708 603 hanc
731 564 922 615 temporis
949 565 1084 604 notam
1113 574 1190 613 qua
1219 575 1351 603 annus
1379 563 1466 613 ipse
1494 573 1573 612 quo
1603 561 1679 600 hoc'
1704 572 1865 600 carmen
1894 561 2160 613 compositum
2188 563 2240 600 sit
2266 561 2485 612 indicatur,
2527 563 2563 600 ei

346 658 422 697 per
444 648 528 686 vim
558 648 659 701 eripi
686 649 895 700 patiamur.

557 731 651 772 Fuit
678 733 787 772 enim
816 744 918 785 quae
945 733 1121 785 loquitur
1162 731 1345 771 Cornelia
1380 729 1608 771 Scriboniae
1636 729 1736 779 filia,
1779 741 1898 783 quam
1928 735 2139 783 antequam
2183 742 2290 771 anno
2335 729 2443 771 urbis
2489 728 2564 769 714

346 815 538 867 (Appian.
568 814 613 856 B.
632 816 674 857 C.
691 816 730 855 V
756 818 826 867 23,
850 817 1012 857 Cassius
1038 815 1115 857 Dio
1143 814 1310 854 XLVIII
1340 816 1404 865 16)
1447 814 1616 854 nuberet
1644 814 1861 854 Octaviano
1890 814 2049 854 Caesari
2092 820 2263 865 ‘nuptam
2302 822 2387 853 ante
2425 814 2567 852 duobus

343 898 621 947 consular-ihm,
659 914 704 940 ex
730 900 847 940 altero
873 902 985 941 etiam
1011 898 1187 940 matrem'
1221 898 1347 939 fuisse
1376 903 1508 939 narrat
1535 899 1752 940 Suetonius
1782 900 1885 950 Aug.
1915 900 1976 938 62.
2033 897 2139 945 Quin
2166 899 2264 939 alter
2290 900 2357 939 ille
2384 901 2447 938 vir
2474 910 2566 938 con-

344 986 491 1024 sularis
518 986 639 1024 fuerit
666 968 799 1037 ipsius
826 986 1031 1025 Corneliae
1060 989 1169 1037 pater
1197 985 1368 1023 dubitari
1397 986 1552 1036 nequit:
1583 986 1750 1023 minime
1786 995 1880 1024 vero
1907 986 2081 1036 cogitare
2108 986 2202 1024 licet
2229 986 2279 1024 de
2307 984 2349 1023 P.
2381 984 2566 1023 Cornelio

343 1070 535 1123 Scipione
563 1069 731 1109 consule
757 1070 832 1108 716
859 1069 1071 1122 (Borghesi
1112 1082 1199 1122 opp.
1228 1069 1285 1108 IV
1317 1070 1397 1121 70),
1426 1070 1495 1121 qui
1530 1072 1736 1121 propterea
1764 1069 1995 1109 Scriboniae
2023 1070 2190 1116 maritus
2218 1082 2298 1110 non
2327 1068 2420 1119 fuit,
2461 1066 2566 1119 quod

344 1160 431 1208 post
458 1155 674 1195 divortium
715 1154 878 1193 demum
918 1154 1065 1192 factum
1105 1153 1154 1193 ad
1195 1153 1447 1192 consulatum
1479 1154 1684 1204 pervenit:
1732 1166 1811 1193 non
1853 1155 1980 1206 potuit
2019 1155 2140 1205 igitur
2166 1166 2189 1192 a
2217 1153 2408 1193 Suetonio
2433 1151 2565 1190 vocari

346 1239 581 1280 consularis.
637 1238 764 1278 Immo
794 1237 1050 1290 quaerendus
1077 1243 1139 1277 est
1171 1239 1274 1276 inter
1301 1237 1488 1277 consules
1516 1239 1655 1277 aetatis
1684 1238 1969 1289 Caesarianae,
2007 1249 2139 1290 neque
2172 1238 2289 1277 video
2315 1237 2411 1289 quid
2439 1235 2566 1275 obstet

347 1324 565 1377 quominus
588 1322 633 1362 P.
649 1323 878 1363 Cornelium
907 1320 949 1361 P.
968 1322 1097 1361 filium
1126 1334 1245 1374 quem
1271 1322 1383 1362 fastis
1406 1321 1621 1362 Colotianis
1651 1323 1858 1363 consulem
1888 1323 2096 1363 suffectum
2119 1323 2194 1362 710
2220 1322 2346 1363 fuisse
2379 1322 2567 1362 docemur

346 1409 570 1448 Corneliam
588 1408 780 1461 genuisse
809 1409 1041 1446 statuamus.
1084 1406 1218 1447 Huius
1248 1408 1381 1459 itaque
1402 1409 1478 1446 viri
1506 1407 1581 1447 fuit
1605 1407 1712 1447 filius
1744 1406 1785 1446 P.
1804 1408 2014 1448 Cornelius
2043 1407 2085 1449 P.
2100 1407 2153 1447 fil.
2170 1407 2212 1447 P.
2229 1420 2318 1459 nep.
2334 1407 2465 1459 Scipio
2485 1420 2560 1446 eos.

351 1495 440 1543 738,
469 1505 589 1544 quem
617 1493 777 1532 fratrem
805 1495 844 1531 et
869 1493 1077 1532 consulem
1115 1494 1200 1544 ‘quo
1228 1498 1392 1542 tempore
1415 1499 1530 1543 rapta
1557 1492 1674 1530 soror*
1718 1493 1903 1532 Cornelia
1927 1493 2119 1546 Propertii
2146 1495 2321 1532 testatur.
2366 1494 2500 1545 Atque
2533 1493 2567 1530 si

348 1589 490 1617 verum
518 1579 580 1615 est
608 1575 716 1628 quod
737 1577 855 1614 certis
877 1576 1030 1628 aliquot
1049 1576 1247 1629 exemplis
1258 1577 1293 1627 *)
1322 1577 1370 1616 ad
1400 1576 1554 1617 Horatii
1585 1578 1807 1617 carminum
1838 1576 1892 1616 IV
1923 1579 1957 1628 l,
1985 1578 2009 1617 9
2034 1577 2263 1630 compositis
2290 1574 2456 1629 probare
2486 1578 2567 1614 stu-

347 1662 430 1712 dui,
457 1662 689 1713 Augustum
716 1659 766 1699 ad
794 1658 1047 1699 consulatum
1074 1660 1182 1700 viros
1209 1661 1368 1713 generis
1396 1660 1599 1700 nobilitate
1627 1662 1808 1713 insignes
1835 1662 1917 1701 fere
1945 1666 2022 1699 ‘suo
2049 1660 2173 1713 auno',
2201 1661 2242 1701 id
2270 1664 2330 1701 est
2356 1660 2562 1712 trigesimo

350 1745 465 1785 tertio
492 1743 631 1784 aetatis
661 1754 788 1794 anno,
830 1742 999 1783 evehere
1027 1743 1189 1785 solitum
1219 1756 1330 1787 esse.
1373 1743 1416 1783 P.
1446 1745 1553 1784 hunc
1582 1743 1811 1785 Cornelium
1856 1745 2081 1798 Scipionem
2125 1746 2298 1798 Augusti
2336 1745 2568 1797 privignum

352 1830 471 1870 annis
501 1827 671 1873 704s705
713 1829 851 1866 natum
881 1840 971 1867 esse
999 1828 1184 1880 colligere
1211 1840 1451 1880 possumus:
1490 1831 1695 1869 Corneliae
1730 1833 1863 1869 autem
1898 1831 2050 1869 natales
2083 1832 2154 1869 vix
2181 1832 2278 1870 citra
2306 1842 2457 1869 annum
2490 1828 2566 1867 706

347 1914 521 1966 proferre
548 1912 659 1961 licet,
688 1912 768 1950 nisi
787 1925 874 1951 eam
896 1914 1091 1952 minorem
1121 1915 1433 1964 quattuordecim
1454 1917 1572 1954 annis
1588 1915 1727 1955 Paullo
1749 1916 1938 1965 nupsisse
1967 1914 2151 1954 velimus.
2196 1916 2259 1954 Ex
2279 1914 2436 1954 duobus
2460 1915 2568 1952 enim

347 1997 457 2047 filiis,
490 2007 591 2048 quos
612 1997 653 2035 in
684 1997 935 2037 matrimonio
963 1998 1126 2037 Aemilii
1144 1998 1284 2051 Lepidi
1301 1999 1443 2050 Paulli,
1470 2002 1649 2039 consulis
1671 2002 1745 2039 720
1764 2005 1803 2039 et
1822 2001 1998 2040 censoris
2020 1999 2095 2038 732
2124 2000 2334 2052 (Borghesi
2364 2011 2451 2051 opp.
2474 2000 2498 2037 1.
2516 1999 2568 2052 1.)‚

348 2083 512 2135 genuit,
553 2081 651 2120 alter
693 2080 734 2119 L.
765 2082 964 2121 Aemilius
1007 2081 1173 2122 Paullus
1202 2085 1340 2123 consul
1381 2085 1506 2124 factus
1548 2086 1636 2137 754,
1666 2089 1753 2138 post
1783 2086 1856 2123 721
1904 2087 2020 2123 natus
2058 2095 2146 2122 esse
2175 2096 2255 2123 non
2283 2086 2432 2136 potest:
2474 2083 2570 2122 alter

350 2165 404 2205 M.
432 2165 631 2205 Aemilius
656 2165 831 2219 Lepidus
858 2167 932 2206 fuit
957 2168 1098 2208 consul
1123 2169 1217 2208 759:
1248 2173 1340 2208 ante
1370 2169 1444 2210 720
1468 2171 1590 2223 igitur
1619 2171 1806 2222 nupsisse
1835 2169 2060 2209 Corneliam
2089 2167 2227 2208 Paullo
2255 2172 2570 2209 consentaneum

354 2255 425 2292 est.
484 2250 736 2305 Quamquam
769 2254 979 2295 admodum
1009 2255 1303 2296 adolescentula
1331 2257 1458 2297 fuisse
1486 2256 1602 2296 debet
1630 2259 1789 2308 propter
1815 2257 1951 2296 matris
1982 2254 2213 2295 Scriboniae
2240 2257 2427 2306 aetatem,
2467 2269 2569 2308 quae

350 2337 501 2379 Juliam
531 2338 655 2379 filiam
687 2338 762 2379 715
793 2338 1010 2380 Octaviano
1050 2344 1180 2381 natam
1216 2355 1321 2381 anno
1351 2343 1426 2382 752
1463 2343 1505 2381 in
1534 2343 1726 2382 exsilium
1754 2344 1964 2394 prosecuta
1992 2344 2063 2384 est,
2133 2341 2266 2392 Atque
2295 2342 2330 2379 si
2358 2354 2463 2380 anno
2494 2342 2570 2380 720

361 2423 548 2464 Cornelia
576 2423 715 2465 Paullo
747 2428 902 2477 nupsit,
938 2431 1027 2479 post
1074 2428 1172 2466 felix
1211 2428 1371 2467 demum
1409 2432 1448 2467 et
1479 2429 1711 2468 diuturnum
1748 2428 1979 2479 coniugium
2014 2427 2229 2466 octodecim
2271 2439 2468 2466 annorum
2495 2430 2573 2466 rari

356 2521 427 2560 pro
455 2508 566 2549 illius
595 2510 745 2549 saeculi
772 2510 951 2551 moribus
981 2512 1158 2563 exempli
1187 2514 1327 2552 marito
1356 2517 1480 2553 morte
1509 2516 1645 2564 erepta
1674 2516 1743 2552 est.
1802 2512 1892 2551 Non
1924 2512 2019 2550 satis
2046 2510 2118 2549 has
2146 2513 2371 2561 temporum
2398 2510 2572 2549 rationes

353 2594 546 2646 expendit
573 2594 755 2645 Hiibner,
785 2609 878 2636 cum
907 2598 949 2635 in
977 2596 1162 2637 versibus
1193 2599 1262 2649 qui
1291 2599 1349 2637 eis
1379 2611 1480 2650 quos
1506 2600 1702 2651 exscripsi
1728 2597 1971 2649 praecedunt

776 2703 826 2741 55
881 2703 967 2743 Nec
994 2706 1046 2755 te,
1074 2704 1191 2744 dulce
1220 2707 1350 2757 caput,
1378 2707 1503 2744 mater
1530 2705 1747 2756 Scribonia,
1774 2706 1885 2745 laesi.

984 2790 1028 2828 in
1055 2802 1122 2830 me
1146 2792 1343 2829 mutatum
1373 2790 1470 2842 quid
1495 2792 1576 2830 nisi
1603 2790 1681 2829 fata
1710 2791 1837 2830 velis?

561 3060 592 3101 *)
617 3059 653 3092 C.
682 3059 820 3092 Asinius
844 3059 960 3093 Gallus
996 3062 1096 3092 natus
1126 3059 1199 3098 713,
1235 3062 1350 3092 consul
1382 3059 1461 3097 7463
1503 3059 1540 3092 L.
1566 3059 1767 3102 Calpurnius
1801 3058 1880 3091 Piso
1915 3060 2014 3091 natus
2049 3057 2112 3090 705
2147 3058 2272 3098 (Tacit.
2308 3068 2384 3092 ann.
2421 3058 2469 3093 VI
2509 3059 2571 3102 10),

355 3125 471 3163 consul
496 3125 579 3164 739;
604 3125 640 3159 C.
667 3125 778 3164 Julius
803 3143 843 3150 —
868 3127 937 3160 sive
961 3126 1088 3162 rectius
1110 3126 1221 3160 Jullus
1245 3125 1341 3161 audit
1365 3144 1403 3149 —
1429 3126 1596 3158 Antonius
1618 3127 1718 3160 natus
1742 3125 1891 3165 710711,
1916 3125 2031 3161 consul
2054 3125 2126 3160 744.
