2938 3403
748 542 872 625 VN
876 542 1455 628 IVERSITATIS
1532 541 2155 626 LITTERARIAE

1004 668 1937 755 GRYPHISWALDENSIS

1196 818 1328 843 PRO
1404 817 1750 843 RECTORE

629 901 1282 973 FRANciscvS
1353 902 1641 971 cho
1703 902 2341 971 SCHWANERT

1437 1033 1507 1058 (ΝΜ

1050 1117 1398 1187 CONGILIO
1443 1118 1883 1188 ACADEMICO

1426 1248 1452 1272 S.
1471 1247 1505 1273 D.

1184 1321 1397 1361 CIVIBVS
1425 1320 1760 1361 ACADEMICIS.

567 1654 760 1708 Propertii
803 1657 980 1696 earmina
1021 1657 1144 1696 multo
1186 1658 1320 1696 minus
1348 1657 1597 1696 librariorum
1637 1657 1754 1707 culpa
1798 1669 1917 1708 quam
1960 1659 2120 1707 propter
2166 1656 2364 1708 ingeniosi
2394 1658 2433 1694 et
2461 1655 2563 1693 docti

357 1742 497 1791 poetae
532 1740 696 1780 artificia
731 1741 958 1781 obscuriora
999 1741 1224 1794 legentibus
1252 1742 1378 1781 videri
1420 1745 1458 1781 et
1502 1743 1629 1794 magis
1672 1743 1898 1793 interpretis
1936 1754 2055 1793 quam
2097 1741 2361 1780 emendatoris
2391 1741 2563 1780 officium

356 1823 533 1877 flagitare
562 1836 690 1879 nuper
717 1827 848 1867 denuo
878 1828 1070 1879 comperi,
1109 1839 1200 1866 cum
1227 1829 1420 1880 ‘reginam
1448 1826 1684 1879 elegiarum’
1712 1839 1803 1864 cum
1832 1827 1982 1877 aliquot
2010 1827 2314 1865 adolescentulis
2344 1828 2565 1865 accuratius

355 1909 541 1961 legerem.
598 1911 740 1963 Neque
768 1925 789 1951 e
818 1925 860 1951 re
890 1924 979 1950 esse
1007 1913 1164 1951 videtur
1192 1913 1265 1951 hac
1308 1911 1507 1951 scribendi
1537 1914 1743 1952 occasione
1776 1924 1915 1950 rursus
1944 1913 2039 1951 mihi
2071 1913 2199 1951 oblata
2228 1913 2384 1950 idoneis
2417 1912 2567 1963 aliquot

356 1996 551 2048 exemplis
581 1996 857 2048 comprobare,
902 2001 1049 2049 quanta
1087 1999 1270 2037 cautione
1298 1998 1338 2037 in
1367 1997 1619 2050 antiquarum
1659 1997 1877 2037 litterarum
1907 1997 2177 2037 monumentis
2221 2000 2324 2036 recte
2353 1996 2565 2036 tractandis

355 2094 457 2134 opus
486 2084 558 2133 sit,
596 2095 648 2121 ne
675 2084 873 2122 medicina
901 2096 981 2136 qua
1008 2086 1068 2122 eis
1099 2096 1330 2123 succurrere
1361 2084 1460 2122 velis
1488 2084 1580 2134 plus
1607 2084 1742 2123 afferat
1769 2085 1994 2123 detrimenti
2023 2097 2141 2134 quam
2172 2083 2362 2122 utilitatis.
2433 2084 2564 2143 Atque

356 2179 438 2207 una
464 2170 619 2221 praeter
646 2180 787 2208 omnes
812 2169 1051 2208 emendandi
1077 2170 1229 2208 ratione
1258 2169 1338 2207 nisi
1367 2168 1526 2221 egregie
1554 2168 1668 2207 fallor
1694 2181 1854 2220 prorsus
1883 2168 2161 2207 abstinendum
2192 2171 2251 2205 est
2280 2169 2320 2206 in
2351 2166 2567 2219 Propertio,

353 2264 400 2292 ea
429 2264 532 2305 quae
560 2255 708 2305 petitur
735 2265 787 2292 ex
829 2254 1151 2305 interpolatorum
1182 2264 1373 2292 versuum
1416 2255 1605 2305 aucupio:
1653 2266 1732 2305 quo
1776 2256 1816 2291 in
1855 2265 2001 2304 genere
2030 2266 2052 2291 a
2080 2265 2175 2291 vero
2208 2253 2404 2291 aberravit
2430 2255 2465 2291 is
2494 2254 2563 2303 qui

356 2340 446 2377 ante
472 2337 544 2377 hos
573 2337 709 2377 decem
737 2349 863 2377 annos
892 2338 1043 2391 aliquot
1070 2339 1189 2378 huius
1212 2322 1406 2377 'carminis
1433 2340 1575 2377 eximii
1603 2350 1744 2377 versus
1771 2339 1882 2376 docte
1917 2339 2124 2389 explicuit,
2153 2338 2351 2376 Aemilius
2378 2336 2559 2387 Hiibner‚

354 2422 397 2461 in
428 2421 695 2474 disputatione
724 2422 1125 2463 commentationibus
1153 2424 1197 2463 in
1224 2421 1465 2464 Mommseni
1494 2424 1683 2464 honorem
1708 2423 1756 2464 ab
1786 2423 1923 2464 amicis
1953 2422 2094 2463 oblatis
2122 2424 2270 2463 inserta
2299 2436 2333 2475 p.
2364 2423 2412 2463 98
2441 2433 2526 2474 sqq.

348 2508 388 2548 Is
414 2510 521 2548 enim
550 2522 603 2550 ex
631 2510 705 2550 hoc
729 2521 920 2550 versuum
949 2522 1060 2550 nexu

877 2596 933 2637 Te
961 2597 1110 2649 Lepide
1138 2601 1178 2636 et
1201 2602 1239 2637 te
1266 2598 1417 2650 Paulle,
1444 2612 1579 2639 meum
1607 2602 1695 2651 post
1722 2598 1799 2638 fata
1826 2599 2030 2637 levamen:

974 2683 1132 2723 condita
1158 2688 1253 2724 sunt
1279 2688 1412 2725 vestro
1439 2685 1593 2725 lumina
1621 2688 1755 2724 nostra
1784 2686 1886 2723 sinu.

762 2769 812 2807 65
868 2768 1044 2809 vidimus
1075 2773 1114 2809 et
1141 2768 1300 2809 fratrem
1330 2770 1470 2810 sellam
1497 2771 1725 2823 geminasse
1754 2768 1949 2808 curulem:

974 2855 1114 2894 consul
1143 2868 1223 2908 quo
1249 2856 1377 2896 factus
1403 2858 1580 2908 tempore
1606 2859 1714 2909 rapta
1743 2867 1862 2895 soror.

865 2937 960 2989 filia,
986 2942 1029 2978 tu
1058 2939 1263 2991 specimen
1292 2951 1487 2981 censurae
1515 2943 1606 2981 nata
1630 2943 1829 2994 paternae,

973 3023 1034 3064 fac
1061 3027 1200 3065 teneas
1231 3038 1359 3066 unum
1388 3038 1463 3067 nos
1490 3028 1641 3068 imitata
1669 3028 1809 3068 virum.

865 3111 904 3149 et
932 3109 1034 3150 serie
1059 3110 1194 3151 fulcite
1221 3123 1363 3163 genus,
