2938 3403
1393 70 1610 138 VI'

310 249 390 289 quo
419 238 603 278 Cornelia
630 251 673 278 se
703 239 885 280 Caesaris
913 240 1107 280 beneficio
1135 242 1291 279 auctam
1318 252 1407 279 esse
1432 241 1645 293 gloriatur,
1681 242 1924 294 respondere
1964 242 2086 283 sellae
2114 243 2266 283 curulis
2293 244 2529 295 geminatio-

310 335 424 374 nem,
464 324 617 363 scilicet
658 329 864 377 praeturae
906 329 946 365 et
986 326 1235 376 consulatus,
1283 338 1375 365 nam
1416 326 1464 366 ab
1507 328 1704 367 aedilitate
1746 327 1880 378 Scipio
1908 330 1951 367 ut
1991 328 2179 380 patricius
2207 328 2399 368 exclusus
2426 331 2527 368 erat:

312 420 447 448 sorore
492 409 632 450 stolata
663 409 813 451 femina
840 423 920 450 non
950 411 1141 462 indignus
1169 411 1288 451 frater
1315 411 1364 451 ad
1390 413 1640 452 consulatum
1670 415 1845 452 evectus.
1901 413 2056 453 Harum
2083 414 2205 467 igitur
2241 415 2528 453 sententiarum

309 507 545 548 compagem
576 509 657 537 non
689 497 971 547 dissolvemus,
1002 496 1072 537 sed
1099 496 1347 537 firmabimus
1375 498 1524 550 potius:
1566 509 1665 550 opus
1694 499 1802 539 enim
1831 500 1893 538 es't
1922 499 2190 539 additamento
2219 499 2322 537 sicut
2350 501 2529 537 senserat

309 580 386 618 iam
417 579 689 634 Bahrensius,
719 596 798 635 quo
828 587 866 623 et
895 587 1090 624 structura
1115 583 1330 623 verborum
1366 583 1551 622 fulciatur
1578 586 1618 622 et
1645 584 1844 623 sententia
1871 584 2099 637 expleatur,
2139 596 2259 635 quam
2294 584 2415 622 talem
2446 584 2527 622 fere

307 665 434 705 fuisse
465 668 664 720 suspicor:
708 672 747 709 te
776 669 925 722 Lepide
954 674 994 709 et
1023 674 1060 709 te
1088 670 1246 720 Paulle,
1286 681 1419 708 meum
1449 672 1538 721 post
1563 669 1639 708 fata
1671 669 1855 707 levamen
1885 669 2084 720 futurum,
2125 670 2236 720 (nam
2263 671 2341 708 iam
2372 670 2414 707 in
2441 670 2528 721 ipsa

306 751 374 790 fati
398 756 747 794 consummatione
777 769 839 794 me
867 757 1057 805 levastis),
1086 757 1218 793 hortor
1257 761 1298 792 ut
1326 754 1557 806 exemplum
1588 756 1712 806 patris
1751 755 1879 793 secuti
1907 756 1949 793 in
1990 755 2186 795 honorum
2214 767 2336 795 cursu
2361 755 2528 794 feliciter

304 841 443 891 coepto
485 843 775 893 perseveretis,
820 843 922 882 sicut
956 846 995 881 et
1032 841 1189 880 fratrem
1233 853 1386 891 meum,
1422 842 1669 880 avunculum
1707 844 1885 880 vestrum
1913 841 2089 880 vidimus
2125 841 2345 880 consulem.
2400 840 2526 880 [nter-

303 925 398 965 cidit
426 927 563 979 itaque
590 928 786 969 distichon
817 931 920 968 inter
947 941 985 966 r.
1015 928 1065 967 64
1094 931 1133 966 et
1163 927 1225 977 65,
1255 940 1335 980 quo
1364 926 1618 980 subsequens
1647 929 1776 968 fratris
1804 928 2126 968 commemoratio
2152 911 2470 981 praeparabatur.

490 1013 575 1052 Iam
605 1015 654 1052 ad
677 1016 840 1053 initium
869 1015 1020 1066 elegiae
1049 1014 1276 1064 redeamus,
1304 1016 1419 1053 cuius
1450 1026 1513 1053 ars
1541 1014 1714 1065 perfecta
1741 1014 1888 1053 clarius
1917 1014 2141 1065 apparebit,
2170 1015 2205 1053 si
2225 1026 2411 1054 scaenam
2435 1014 2525 1053 eius

303 1097 475 1137 breviter
491 1100 874 1138 adumbraverimus.
917 1100 1084 1138 Intravit
1103 1113 1245 1152 pompa
1262 1100 1440 1138 funebris
1463 1103 1597 1150 ipsum
1614 1100 1747 1150 gentis
1767 1100 1964 1138 Aemiliae
1984 1100 2277 1139 mausolaeum:
2302 1100 2380 1139 iam
2402 1101 2523 1138 restat

303 1183 487 1224 ultimum
518 1187 801 1238 exsequiarum
834 1198 1003 1237 munuS,
1032 1199 1110 1239 quo
1138 1187 1308 1238 perfecto
1342 1189 1518 1225 mortuae
1545 1183 1710 1223 umbrae
1738 1184 1786 1223 ad
1815 1184 1963 1223 inferos
1983 1184 2225 1224 descendere
2254 1187 2293 1223 et
2318 1184 2524 1223 Charontis

301 1270 444 1321 cymba
483 1283 608 1324 aquas
649 1271 807 1324 Stygias
849 1273 1014 1312 traicere
1057 1273 1165 1311 licet:
1213 1274 1333 1310 restat
1374 1274 1418 1310 ut
1446 1270 1654 1309 defunctae
1683 1270 1839 1309 cineres
1880 1269 1922 1308 in
1956 1281 2056 1310 urna
2084 1269 2237 1308 collecti
2265 1270 2308 1307 in
2336 1269 2521 1307 inferiore

302 1357 554 1396 monumenti
584 1355 770 1398 cubic-ulo
799 1358 1032 1399 condantur.
1087 1356 1195 1397 Nihil
1225 1358 1415 1397 remansit
1444 1368 1496 1396 ex
1524 1356 1678 1396 mortali
1699 1354 1906 1395 Corneliae
1934 1366 2097 1407 corpore
2125 1355 2205 1393 nisi
2234 1365 2325 1393 ossa
2353 1357 2524 1393 cremata

302 1446 339 1480 et
369 1441 519 1481 umbra.
576 1441 660 1480 lam
691 1442 899 1482 Corneliae
942 1442 1083 1482 umbra
1124 1443 1297 1494 corporis
1327 1442 1501 1481 vinculis
1538 1441 1723 1480 exsoluta
1750 1441 1791 1479 in
1822 1440 1951 1492 ipsius
1979 1438 2154 1490 sepulcri
2182 1438 2320 1478 limine
2349 1437 2397 1477 ad
2427 1449 2522 1477 suos

302 1540 401 1578 quos
445 1528 550 1578 apud
582 1540 749 1579 superos
788 1529 974 1569 relictura
1009 1534 1068 1569 est
1106 1540 1195 1568 sese
1224 1529 1419 1567 convertit
1461 1528 1647 1567 ultimum
1687 1528 1746 1567 eis
1775 1527 1863 1565 vale
1892 1526 2055 1566 dictura.
2111 1524 2238 1564 Adest
2265 1526 2430 1564 maritus
2459 1526 2520 1564 in-

299 1612 498 1662 solabilis,
545 1613 691 1651 adsunt
720 1614 835 1653 liben'
864 1614 1024 1653 flentes:
1073 1616 1269 1653 intrarunt
1299 1615 1471 1666 sepulcri
1511 1616 1653 1653 atrium
1680 1637 1729 1642 -—
1766 1613 1918 1664 fingere
1947 1613 2055 1652 enim
2084 1610 2201 1651 nobis
2229 1611 2321 1651 licet
2348 1611 2520 1650 similem

300 1698 519 1737 mausolaei
546 1685 863 1750 dispositionem,
892 1700 1052 1751 qualem
1078 1699 1193 1737 nobis
1222 1700 1372 1750 aliquot
1401 1704 1674 1749 monumenta,
1703 1699 1814 1737 velut
1853 1699 2082 1748 sepulcrum
2123 1697 2172 1736 ad
2202 1699 2308 1736 viam
2337 1696 2519 1736 Latinam

299 1798 321 1823 a
352 1782 571 1824 Peterseno
603 1785 696 1824 olim
726 1785 968 1838 descriptum
999 1786 1146 1837 (annal.
1177 1786 1350 1825 instituti
1379 1787 1570 1826 archaeol.
1599 1786 1714 1836 1860,
1744 1786 1820 1824 348
1848 1786 1951 1836 sqq.)
1978 1786 2278 1835 repraesentant
2301 1805 2341 1810 --
2380 1784 2519 1834 incipit

299 1869 496 1908 Cornelia:
540 1870 725 1921 ‘Desine,
760 1871 898 1911 Paulle
934 1875 1094 1923 marite,
1133 1874 1212 1912 tuis
1255 1874 1429 1912 lacrimis
1466 1873 1641 1924 ,sepulcri
1671 1871 1751 1910 mei
1781 1871 1956 1921 quietem
1985 1867 2143 1908 turbare
2171 1868 2294 1918 velle3
2334 1868 2390 1907 nil
2421 1869 2519 1920 agis,

299 1966 391 1991 nam
423 1953 491 1992 ubi
519 1955 639 1993 semel
668 1955 847 1994 funebris
876 1970 1019 2009 pompa
1049 1958 1219 2010 sepulcri
1250 1959 1394 1996 ostium
1422 1969 1682 2008 supergressa
1709 1955 1794 1993 loca
1824 1954 2040 1992 inferorum
2067 1950 2224 2003 legibus
2254 1951 2432 1991 subiecta
2460 1952 2519 1990 in-

295 2041 425 2088 travit,
455 2040 579 2077 nullis
608 2040 794 2091 precibus
823 2042 926 2079 effici
955 2046 1086 2092 potest
1114 2046 1157 2080 ut
1185 2044 1305 2080 ianua
1334 2043 1400 2080 leti
1429 2045 1602 2081 reserata
1631 2044 1785 2079 mortuo
1813 2041 1965 2079 reditus
1994 2039 2035 2076 in
2067 2038 2232 2076 luminis
2261 2048 2349 2075 oras
2368 2039 2510 2087 pateat.

295 2125 360 2161 Sic
389 2127 473 2162 cst:
513 2120 673 2178 σιδηρείη
712 2124 815 2178 οἶμος
852 2122 976 2164 Αἰδέω
1011 2126 1109 2177 (ΑΡ.
1146 2127 1339 2178 V11412)
1379 2130 1535 2166 exorari
1567 2128 1717 2178 nequit.
1789 2127 1922 2177 Atque
1951 2126 1996 2162 ut
2023 2122 2208 2174 Dispater
2245 2134 2384 2173 preces
2415 2133 2517 2171 quas

294 2209 429 2247 fundis
458 2209 622 2249 auribus
645 2212 838 2263 percipiat
883 2235 921 2240 —-
971 2212 1077 2264 quod
1106 2212 1192 2252 fieri
1222 2224 1301 2251 non
1331 2214 1472 2263 potest,
1502 2213 1536 2251 si
1565 2212 1727 2263 quidem
1756 2211 1985 2262 Stygiarum
2014 2219 2207 2259 aquarum
2238 2205 2359 2244 surda
2386 2205 2515 2242 littora

294 2295 475 2334 lacrimas
504 2298 593 2335 tuas
623 2305 739 2336 antea
767 2297 845 2336 iam
875 2296 1013 2337 bibent
1043 2321 1089 2326 --
1120 2301 1253 2336 tamen
1284 2300 1373 2337 vota
1399 2300 1467 2336 tua
1498 2299 1603 2336 irrita
1631 2297 1782 2335 cadent.
1848 2269 1995 2347 Superi
2014 2295 2121 2333 enim
2153 2294 2256 2331 votis
2284 2293 2512 2330 moventur:

293 2380 501 2419 Charontis
529 2382 712 2432 cymbam
745 2382 813 2421 ubi
843 2382 983 2424 umbra
1027 2383 1289 2433 inscenderit,
1326 2384 1476 2423 reditus
1520 2385 1556 2422 ei
1590 2383 1775 2422 occlusus
1804 2381 1889 2420 est'.
1959 2379 2050 2420 Non
2093 2379 2210 2418 video
2241 2377 2337 2430 quid
2364 2378 2407 2414 in
2439 2376 2511 2413 hoc

294 2468 582 2507 sententiarum
614 2480 725 2507 nexu
753 2472 791 2508 et
820 2469 957 2508 ordine
986 2469 1195 2522 displicere
1224 2471 1361 2522 possit,
1390 2470 1507 2510 modo
1536 2468 1657 2509 verba
1685 2470 1823 2521 poetae
1853 2467 1911 2505 sic
1940 2465 2182 2517 distinguas:

818 2552 983 2605 Desine,
1008 2552 1164 2606 Paulle,
1193 2568 1329 2595 meum
1358 2556 1530 2596 lacrimis
1560 2566 1730 2608 urguere
1760 2553 2008 2606 sepulcrum:

923 2642 1111 2693 panditur
1140 2642 1187 2681 ad
1215 2643 1347 2681 nullos
1375 2643 1496 2681 ianua
1524 2643 1636 2694 nigra
1663 2652 1814 2693 preceS,

817 2740 908 2765 cum
938 2729 1063 2767 semel
1091 2730 1268 2768 infernas
1297 2730 1494 2768 intrarunt
1519 2730 1659 2767 funera
1686 2728 1814 2779 leges:

923 2827 1004 2854 non
1033 2820 1195 2854 exorato
1226 2819 1331 2854 stant
1358 2817 1566 2854 adamante
1596 2816 1695 2854 viae.

733 2903 756 2939 5
812 2901 867 2939 To
896 2903 988 2940 licet
1017 2907 1196 2941 orantem
1224 2903 1360 2940 fuscae
1389 2902 1487 2940 deus
1516 2903 1650 2941 audiat
1677 2903 1805 2951 aulae,

923 2993 1088 3043 (nempe
1118 2995 1206 3030 tuas
1235 2992 1417 3029 lacrimas
1446 2993 1558 3030 litora
1588 2992 1708 3029 surda
1733 2990 1886 3039 bibent)

818 3080 907 3117 vota
935 3081 1099 3119 movent
1125 3089 1308 3131 superos:
1336 3077 1405 3117 ubi
1434 3079 1596 3130 portitor
1622 3089 1712 3117 aera
1740 3079 1900 3131 recepit,

923 3165 1082 3206 obserat
1110 3165 1304 3205 herbosos
1331 3165 1460 3205 lurida
1486 3169 1597 3218 porta
1623 3177 1752 3218 rogos.
