2938 3403
1432 60 1476 107 V

879 209 1067 248 maternis
1094 208 1235 248 laudor
1261 207 1435 250 lac-rimis
1464 204 1654 256 urbisque
1684 203 1887 255 querellis,

984 293 1149 333 defensa
1176 295 1216 332 et
1242 292 1395 343 gemitu
1423 291 1603 330 Caesaris
1632 301 1723 328 ossa
1751 299 1853 327 mea.

882 378 949 416 ille
978 390 1051 416 sua
1077 380 1171 417 nata
1192 376 1353 427 dignam
1383 376 1538 414 vixisse
1572 386 1747 413 sororem

770 463 820 500 60
980 463 1167 514 increpat,
1194 466 1234 500 et
1259 461 1440 499 lacrimas
1465 459 1640 497 vidimus
1667 460 1724 496 ire
1753 458 1837 495 dco.

879 550 917 584 et
944 549 1076 585 tamen
1106 547 1260 586 emerui
1285 556 1501 604 generosos
1530 544 1654 582 vestis
1684 543 1867 591 honores,

987 643 1061 671 nec
1084 644 1175 673 mea
1203 633 1251 672 de
1279 631 1403 671 sterili
1430 630 1531 670 facta
1557 630 1697 681 rapina
1726 628 1853 666 domo.

354 715 646 755 adversativam
674 716 888 766 particulae
928 716 1072 756 ‘tamen'
1112 716 1160 756 61
1203 717 1285 756 vim
1324 716 1420 756 inde
1460 715 1673 766 repeteret,
1719 711 1823 763 quod
1860 710 2086 751 Corneliam
2129 712 2313 762 quamvis
2354 713 2560 753 immatura

355 803 481 840 morte
510 802 601 851 post
626 801 819 851 exiguum
849 801 1089 839 matrimonii
1116 805 1276 852 tempus
1307 800 1458 850 obierit,
1483 803 1616 838 tamen
1646 811 1723 835 non
1753 798 1927 836 sterilem
1958 797 2121 834 domum
2150 797 2359 847 reliquisse
2387 798 2555 848 putabat.

354 884 483 923 Immo
511 885 576 923 hic
604 886 665 922 est
694 885 982 924 sententiarum
1010 897 1161 924 nexus:
1209 886 1266 923 nil
1294 887 1334 923 in
1368 897 1430 924 me
1473 887 1667 922 mutatum
1705 884 1766 920 vis
1809 884 1887 920 nisi
1914 883 2008 921 fata:
2057 883 2130 920 hac
2159 894 2240 919 una
2262 893 2303 919 re
2331 887 2367 919 te
2396 883 2493 920 laesi
2521 887 2558 920 et

355 972 443 1008 tuas
472 969 732 1019 Caesarisque
760 969 936 1020 Augusti
961 969 1143 1008 lacrimas
1171 972 1356 1021 excitavi,
1385 973 1490 1022 quod
1518 971 1607 1008 fatis
1634 967 1761 1015 abripi
1789 978 1853 1004 me
1885 978 2004 1017 passa
2037 979 2140 1015 sum,
2169 970 2207 1004 ct
2229 970 2265 1004 te
2285 966 2377 1016 filia,
2404 966 2429 1005 J
2434 968 2554 1005 uliam

356 1065 498 1103 sorore,
528 1051 738 1093 Gaesarem
766 1054 950 1105 privigna
977 1052 1124 1093 orbavi.
1179 1053 1337 1103 Fateor,
1376 1055 1529 1105 ingrata
1556 1065 1667 1102 sum,
1709 1056 1746 1091 et
1789 1054 1920 1090 tamen
1950 1063 2127 1091 summos
2156 1051 2224 1102 qui
2251 1051 2294 1089 in
2321 1051 2507 1091 feminam
2538 1065 2561 1090 a

356 1137 525 1177 Caesare
553 1139 737 1190 Augusto
765 1140 933 1178 conferri
972 1142 1140 1191 possunt
1177 1139 1347 1179 honores
1390 1139 1561 1188 emerui,
1604 1138 1756 1186 stolam,
1794 1135 2045 1175 fecunditatis
2074 1140 2113 1174 et
2140 1136 2353 1188 pudicitiae
2383 1136 2559 1188 insigne:

319 1229 325 1231 “
357 1234 435 1273 qua
461 1223 504 1260 in
534 1223 731 1261 sententia
762 1221 988 1262 ‘emerendi'
1017 1223 1254 1263 vocabulum
1292 1227 1491 1264 castrense
1518 1235 1709 1276 perquam
1739 1223 1834 1259 scite
1877 1221 2049 1271 positum
2078 1224 2157 1258 est:
2207 1220 2292 1258 vult
2331 1222 2438 1259 enim
2467 1221 2555 1260 Cor-

357 1306 462 1345 nelia
495 1309 552 1346 tot
579 1307 787 1358 stipendiis
814 1307 1075 1347 muliebribus
1099 1308 1303 1361 perfuncta
1331 1308 1455 1347 videri
1498 1309 1613 1360 quasi
1640 1310 1836 1346 veterana.
1891 1304 2002 1345 Haec
2042 1306 2162 1356 igitur
2204 1309 2291 1356 apte
2319 1307 2558 1357 procedunt:

357 1391 427 1429 sed
455 1390 563 1430 aliud
596 1394 657 1431 est
685 1392 792 1445 quod
818 1393 860 1431 in
887 1393 950 1431 his
977 1393 1162 1433 versibus
1195 1395 1524 1446 quotiescumque
1552 1394 1640 1445 lego
1671 1404 1826 1443 semper
1853 1403 1916 1429 me
1938 1390 2120 1429 offendit:
2157 1391 2257 1429 urbis
2287 1392 2553 1443 querellarum

362 1475 511 1514 mentio
539 1486 660 1515 versu
689 1476 739 1515 57
766 1478 885 1529 facta,
927 1491 1007 1531 qua
1031 1482 1184 1531 praeter
1205 1480 1367 1519 inanem
1394 1479 1602 1518 iactantiae
1645 1477 1819 1528 speciem
1848 1476 1943 1514 satis
1973 1474 2136 1513 moleste
2165 1477 2301 1515 matris
2330 1479 2513 1518 lacrimae
2541 1458 2565 1515 'a

362 1557 545 1599 Caesaris
575 1561 704 1601 vitrici
731 1561 865 1602 dolore
893 1563 1142 1604 dirimuntur.
1196 1564 1337 1615 Fallor,
1366 1576 1417 1603 an
1446 1564 1603 1614 scripsit
1628 1561 1853 1613 Propertius

884 1649 1073 1688 maternis
1101 1648 1240 1688 laudor
1266 1648 1439 1687 lacrimis
1468 1658 1648 1692 ORBLSQVE
1677 1646 1891 1713 querellis3

991 1731 1154 1771 defensa
1181 1735 1220 1770 et
1247 1732 1396 1783 gemitu
1425 1730 1605 1770 Caesaris
1634 1741 1725 1768 ossa
1752 1730 1867 1769 mea?

361 1814 466 1864 quod
496 1827 592 1853 sane
616 1828 696 1871 non
726 1817 964 1856 insolentius
994 1817 1143 1855 dictum
1172 1820 1232 1855 est
1260 1829 1398 1868 quam:
1440 1814 1553 1853 ‘ebria
1582 1828 1664 1850 cum
1691 1814 1802 1852 multo
1830 1815 2014 1853 traherem
2042 1817 2189 1866 vestiyia
2219 1816 2382 1854 Bacclw’
2428 1815 2445 1853 I
2475 1816 2512 1864 3,
2542 1816 2564 1852 9

358 1899 421 1935 vel
464 1900 516 1935 ‘at
554 1913 613 1937 me
640 1929 649 1937 .
669 1929 678 1937 .
705 1901 854 1951 patiare
883 1930 916 1939 ..
949 1901 1121 1939 sollicitas
1162 1901 1278 1938 trimas
1298 1899 1526 1951 perviqilare
1563 1899 1700 1937 moras’
1740 1899 1757 1937 Ι
1789 1901 1849 1950 16,
1868 1900 1917 1937 41
1951 1904 1989 1938 et
2015 1903 2170 1939 similia.
2220 1902 2307 1948 Quo
2336 1903 2377 1938 in
2418 1912 2564 1952 genere

359 1986 506 2034 quanta
530 1984 649 2023 fuerit
676 1983 866 2036 Propertii
894 1986 1061 2025 audacia
1087 1986 1322 2025 documento
1352 1995 1441 2022 esse
1468 1987 1597 2036 potest
1625 1985 1812 2023 carminis
1840 1987 1964 2024 nostri
1993 1997 2114 2024 versu
2137 1986 2183 2023 72
2212 1985 2311 2023 ‘haee
2339 1992 2389 2023 est
2408 1985 2568 2037 ⁸t'enn'uez'

357 2082 492 2107 merces
518 2075 681 2108 artrema
710 2068 906 2121 triumphi,
935 2070 1066 2108 laudat
1098 2070 1163 2108 ubz·
1203 2071 1393 2109 emeritum
1427 2069 1571 2107 libera
1591 2068 1708 2121 fama
1746 2068 1889 2119 roymn‘
1923 2070 1963 2109 id
1993 2074 2052 2109 est
2081 2071 2141 2109 lib<
2151 2085 2279 2109 rorum
2299 2070 2436 2122 fama,
2467 2070 2568 2107 sicut

362 2150 419 2189 lV
451 2152 486 2203 7,
516 2153 564 2192 10
591 2166 716 2194 ausus
745 2158 805 2195 est
833 2156 909 2194 ‘nee
927 2162 1019 2206 pote
1046 2162 1216 2206 aequatos
1241 2155 1334 2194 inter
1360 2155 1515 2193 humare
1541 2153 1673 2206 royos'.

566 2237 651 2278 Iam
691 2229 904 2280 transitura
943 2241 992 2280 ad
1028 2240 1242 2280 liberorum
1284 2240 1564 2280 allocutionem
1607 2240 1728 2279 oratio
1771 2238 1976 2279 Corneliae
2016 2241 2058 2279 in
2099 2242 2185 2292 ipso
2227 2242 2365 2281 limine
2407 2241 2565 2280 titubat:

359 2324 579 2362 accusativi
604 2326 713 2363 enim
743 2331 775 2363 te
803 2324 950 2374 Lepide
977 2333 1010 2364 et
1037 2333 1069 2363 te
1087 2326 1221 2365 Paulle
1248 2339 1327 2365 non
1357 2324 1505 2365 habent
1529 2325 1637 2364 unde
1662 2325 1872 2375 pendeant.
1930 2325 2071 2375 Neque
2092 2329 2347 2366 nominativis
2368 2334 2407 2364 tu
2425 2326 2571 2376 Lepide

358 2416 390 2445 et
418 2415 457 2445 tu
486 2409 620 2447 Paulle
648 2422 749 2461 quos
777 2411 1002 2461 interpolati
1030 2410 1121 2449 libri
1144 2411 1336 2462 praebent
1382 2435 1410 2438 —
1454 2410 1724 2462 Neapolitani,
1765 2412 1878 2449 ducis
1909 2413 1951 2449 in
1975 2413 2233 2450 recensendis
2263 2413 2454 2463 Propertii
2484 2425 2568 2450 car-

360 2494 536 2533 minibus
564 2495 683 2547 longe
712 2496 891 2534 omnium
918 2495 1102 2535 fidissimi
1128 2498 1368 2548 praestantia.
1395 2509 1466 2549 per
1494 2497 1594 2536 hanc
1624 2498 1775 2549 elegiae
1804 2502 1957 2549 partem
1986 2510 2105 2550 aegre
2134 2512 2315 2538 caremus
2344 2523 2390 2528 --
2438 2500 2570 2538 hiulca

360 2582 555 2620 sermonis
583 2582 707 2621 forma
734 2583 940 2622 commode
967 2585 1190 2625 resarcitur.
1242 2583 1285 2622 Si
1310 2584 1419 2622 enim
1448 2585 1537 2635 apte
1575 2585 1797 2636 iunguntur
1838 2585 1888 2621 ‘tu
1918 2582 2066 2634 Lepide
2102 2591 2134 2622 et
2161 2591 2200 2622 tu
2228 2584 2382 2630 Panae,
2423 2585 2569 2622 condita

357 2674 441 2705 sunt
479 2674 595 2706 vestro
639 2668 780 2707 lumina
818 2676 945 2708 nostra
985 2668 1089 2718 sind,
1131 2673 1176 2709 ut
1211 2669 1430 2710 declaretur
1471 2682 1551 2709 non
1595 2670 1770 2710 defuisse
1797 2671 1912 2709 matri
1943 2671 2128 2710 morienti
2154 2671 2299 2709 liberos
2329 2672 2370 2709 in
2399 2682 2566 2722 quorum

361 2754 454 2792 sinu
474 2755 648 2793 animam
668 2754 829 2806 efflaret,
850 2758 1023 2795 attamen
1044 2756 1141 2807 quid
1162 2756 1239 2795 iam
1259 2756 1329 2795 fiet
1346 2757 1588 2808 interpositis
1609 2755 1741 2795 verbis
1765 2757 1898 2794 ‘meum
1910 2762 2002 2805 post
2012 2755 2104 2807 fata
2124 2756 2329 2794 levamen’?
2355 2769 2432 2808 quo
2453 2756 2567 2794 modo

359 2839 559 2879 levaturos
589 2851 658 2879 eos
689 2851 779 2880 esse
808 2841 874 2880 vel
900 2844 1082 2882 mortuae
1105 2843 1243 2882 matris
1271 2842 1447 2883 dolorem
1473 2841 1754 2882 censebimus?
1797 2853 1874 2893 quo
1903 2840 2021 2880 modo
2058 2844 2191 2880 autem
2219 2855 2311 2882 curn
2340 2842 2401 2881 bis
2430 2842 2568 2881 cohae-

347 2917 447 2964 'rent
477 2937 578 2978 quae
618 2928 843 2978 sequuntur
880 2927 1051 2968 ‘vidimus
1096 2935 1129 2968 et
1156 2929 1327 2982 fratrem
1366 2927 1495 2968 seuam
1532 2928 1734 2980 yeminasse
1775 2926 1962 2974 curulem’‚
2005 2939 2108 2980 quae
2146 2931 2232 2968 tum
2275 2930 2436 2969 demum
2477 2932 2571 2980 apta

361 3015 478 3051 erunt
504 3014 537 3051 si
565 3014 608 3051 in
637 3014 964 3054 antecedentibus
993 3027 1153 3068 quoque
1180 3017 1315 3056 verbis
1346 3018 1547 3057 curulium
1575 3018 1770 3056 honorum
1796 3016 1943 3054 mentio
1975 3015 2076 3054 facta
2113 3016 2259 3055 fuerit?
2302 3018 2570 3056 Excusaudus

362 3110 460 3140 sane
490 3098 680 3149 Hiibner‚
719 3101 824 3154 quod
853 3113 994 3142 versus
1023 3103 1085 3142 65.
1117 3103 1167 3142 66
1194 3104 1395 3145 insiticios
1425 3116 1515 3145 esse
1544 3103 1753 3144 iudicavit:
1795 3114 1935 3142 verum
1970 3103 2229 3153 praetervidit
2268 3105 2390 3145 stolae
2419 3106 2570 3155 honori,
