2938 3403
1397 0 1557 164 ᾧ,

338 220 502 268 nerunt,
545 230 639 256 cum
678 217 787 268 ignis
815 215 970 269 corpori
1011 228 1100 255 meo
1139 211 1409 254 subiceretur'.
1438 192 1546 285 {rum
1572 213 1708 252 ments
1725 224 1760 252 va
1775 212 1919 261 :mariti
1945 211 2083 264 dolom
2109 211 2161 253 ad
2186 211 2318 264 ipsius
2343 212 2555 254 defunctae

336 307 484 342 statum
514 305 707 342 miserum
736 314 949 351 conversa,
989 303 1079 351 ipsa
1115 299 1316 351 paulisper
1351 298 1420 336 fati
1439 292 1712 351 &niquitatem
1739 297 1931 349 &deplorat
1969 299 2010 336 et
2035 297 2137 337 loeo
2181 299 2225 337 in
2266 299 2330 338 his
2370 300 2561 351 epicediis

336 389 543 427 communi
558 388 595 440 *)
639 388 740 426 nihil
772 387 862 426 sibi·
883 386 987 423 vitae
1024 385 1213 422 honestae
1253 380 1531 422 claritudinem
1557 386 1597 422 et
1624 382 1896 422 innocentiam
1924 381 2122 434 profuisse
2150 383 2348 434 queritur:

871 469 967 521 quid
997 470 1094 508 mihi
1124 469 1357 520 coniugium
1385 466 1529 519 Paulli,
1555 467 1654 519 quid
1681 477 1825 506 curnis
1851 478 2020 507 avorum

976 556 1123 609 profuit
1146 558 1216 595 aut
1240 555 1368 594 famae
1395 541 1562 607 pignora
1587 555 1698 602 tanta
1719 545 1868 593 meae?

872 655 952 681 non
982 643 1118 682 minus
1145 642 1306 680 inmites
1333 638 1471 679 habuit
1496 638 1682 679 Cornelia
1709 637 1867 691 Bareas,

977 729 1016 764 et
1044 739 1134 764 sum
1165 725 1270 775 quod
1297 725 1430 775 digitis
1456 723 1640 775 quinque
1667 723 1823 765 levatur
1850 736 1967 764 onus.

337 807 398 846 En
429 810 697 848 summarium
728 811 843 861 quasi
872 809 1078 867 sequentis
1108 808 1296 846 orationis
1329 807 1547 858 tripertitae
1585 820 1666 860 qua
1707 806 2100 862 Paullioouiugium
2128 808 2226 849 felix
2253 809 2460 861 (73—96)‚
2495 822 2563 862 ge·

336 895 445 932 neris
474 895 632 945 paterni
660 897 699 933 et
726 895 897 933 materni
926 894 1110 933 nobilitas
1138 893 1348 942 (37—60)‚
1377 891 1599 944 pudicitiae:
1618 892 1794 946 denique
1810 892 1927 934 -fama
1951 893 2168 935 liberorum
2189 888 2447 935 multitudine
2465 906 2561 946 pro-

337 977 425 1017 bata
468 978 662 1029 (61-72)
704 978 935 1018 celebratur.
993 978 1065 1018 Est
1096 981 1203 1018 enim
1233 978 1399 1017 minime
1426 976 1604 1039 defen-sio
1645 976 1750 1031 apud
1786 962 2005 1020 inferorum
2033 978 2247 1032 iudicium,
2289 979 2360 1021 sed
2387 979 2558 1033 simplex

337 1076 477 1103 carum
518 1075 653 1103 rerum
698 1064 847 1116 quibus
890 1067 1007 1117 poeta
1044 1063 1255 1103 defunctae
1297 1063 1436 1103 laudes
1478 1065 1652 1117 exsequi
1693 1066 1864 1117 eiusque
1907 1054 2142 1106 memoriam
2169 1065 2277 1118 apud
2304 1064 2494 1118 aequales
2523 1070 2563 1105 et

338 1152 517 1200 posteros
546 1160 688 1188 ornare
720 1148 846 1187 voluit
873 1149 1080 1188 enarratio.
1140 1150 1272 1200 Atque
1302 1149 1452 1189 orditur
1478 1160 1608 1188 sermo
1637 1161 1661 1189 a
1687 1151 1849 1201 generis
1877 1149 2076 1201 laudibus,
2104 1162 2207 1203 quae
2228 1150 2436 1191 Corneliae
2464 1151 2564 1190 nihil

338 1230 582 1281 profuerint:
623 1232 689 1271 vel
717 1231 902 1272 Cornelia
929 1235 1136 1284 propterea
1167 1232 1274 1284 quod
1319 1245 1372 1271 ox
1417 1231 1671 1273 nobilissima
1706 1234 1829 1287 stirpe
1855 1237 2048 1287 prognata
2073 1233 2150 1274 fuit
2177 1246 2261 1274 non
2287 1235 2466 1275 mitiores
2493 1247 2565 1275 ex-

341 1320 451 1366 perta
482 1319 544 1355 est
572 1315 732 1367 Parcas,
761 1317 833 1357 sed
861 1319 961 1356 mori
990 1317 1136 1356 debuit.
1192 1316 1364 1356 Restitui
1408 1317 1598 1356 librorum
1641 1320 1883 1369 optimorum
1913 1320 2017 1359 sicut
2045 1315 2299 1371 Neapolitani
2328 1320 2562 1372 scripturam

340 1416 411 1440 non
440 1403 563 1453 minus
593 1431 602 1440 .
625 1435 632 1441 .
657 1434 664 1441 .
690 1403 819 1441 habuit
849 1403 1035 1448 Cornelia,
1066 1416 1169 1455 quae
1200 1404 1325 1442 multo
1354 1405 1626 1442 nervosiorem
1656 1404 1786 1443 reddit
1813 1416 2053 1456 sermonem,
2083 1408 2118 1444 si
2147 1406 2309 1458 quidem
2330 1407 2388 1444 sic
2417 1407 2565 1445 maiore

341 1499 434 1527 cum
475 1489 653 1539 pondere
697 1493 737 1526 et
779 1491 906 1540 ipsius
950 1501 1052 1540 quae
1094 1490 1270 1540 loquitur
1311 1501 1459 1528 nomen
1500 1490 1705 1540 proprium
1733 1489 1955 1528 declaratur
1983 1493 2022 1528 et
2048 1491 2171 1528 totius
2197 1488 2330 1542 gentis
2359 1490 2565 1530 Corneliae

340 1574 605 1625 appellatione
634 1574 770 1625 stirpis
801 1573 987 1613 nobilitas
1020 1575 1135 1626 quasi
1164 1572 1239 1613 sub
1277 1574 1403 1613 oculis
1432 1575 1675 1626 proponitur.
1731 1572 1938 1615 Transitus
1965 1577 2099 1615 autem
2126 1588 2150 1615 a
2177 1576 2292 1615 tertia
2319 1574 2370 1614 ad
2398 1576 2566 1628 primam

340 1658 452 1697 verbi
479 1670 692 1710 personam
721 1660 792 1697 vix
822 1660 957 1699 durior
985 1673 1106 1712 quam
1134 1660 1309 1711 exempli
1338 1671 1460 1698 causa
1486 1659 1547 1698 111
1576 1660 1637 1710 10,
1668 1661 1716 1699 15
1747 1660 1832 1699 dein
1867 1674 1942 1713 qua
1973 1660 2147 1711 primum
2175 1660 2296 1699 oculos
2320 1660 2451 1711 cepisti
2475 1666 2567 1698 veste

341 1742 405 1782 Pr
417 1743 571 1794 operti
612 1741 723 1782 indue
754 1774 787 1782 ..
817 1750 849 1784 et
877 1751 964 1794 pete
999 1759 1073 1797 qua
1102 1744 1224 1796 polles
1262 1751 1300 1783 ut
1340 1744 1387 1784 sit
1424 1744 1490 1784 tibi
1521 1744 1658 1797 forma
1692 1745 1872 1796 perennia
1897 1745 2007 1798 inque
2047 1758 2188 1785 meum
2212 1757 2358 1795 sernper
2384 1750 2476 1784 stent
2502 1750 2567 1783 tua

342 1843 459 1879 reym
487 1833 610 1879 caput.
668 1827 767 1868 Item
798 1828 943 1869 reduxi
977 1831 1020 1869 in
1048 1832 1297 1881 pentametro
1336 1844 1388 1870 ex
1425 1829 1567 1886 epdem
1600 1828 1863 1881 Neapolitano
1892 1836 1948 1877 et,
1979 1829 2085 1882 quod
2111 1830 2317 1882 aptissime
2346 1831 2567 1870 sententiae

344 1913 565 1951 clausulam
595 1913 789 1962 adnectit:
821 1915 928 1965 quod
957 1916 1067 1953 enim
1095 1915 1212 1965 volgo
1241 1914 1371 1952 editur
1455 1889 1459 1912 ἱ

877 2011 974 2038 num
1002 2001 1139 2037 minus
1165 2000 1327 2037 inmites
1355 1999 1476 2038 habui
1506 1999 1692 2038 Cornelia
1719 1998 1891 2038 Parcas?

979 2096 1030 2123 en
1060 2096 1151 2123 sum
1180 2084 1287 2135 quod
1317 2055 1463 2145 digitis{
1481 2086 1661 2137 quinque
1690 2073 1847 2124 levatur
1875 2084 1997 2123 onus!

343 2169 463 2207 nimis
492 2167 623 2208 turbat
652 2169 841 2208 orationis
870 2167 1017 2207 flebilis
1046 2171 1085 2207 et
1112 2169 1257 2208 leniter
1284 2146 1641 2209 fluentis³cursum
1669 2168 1872 2221 placidum
1909 2170 1948 2208 et
1980 2167 2155 2208 feminae
2195 2167 2439 2208 clarissimae
2482 2168 2568 2221 dig·

343 2244 454 2282 nitati
484 2244 603 2283 unice
633 2244 984 2284 accommodatum.
1024 2245 1078 2283 At
1108 2257 1216 2283 nunc
1241 2244 1417 2284 oboritur
1445 2241 1579 2291 animo
1609 2243 1741 2284 subito
1760 2242 1971 2283 Plutoniae
2000 2243 2144 2283 domus
2173 2244 2344 2296 species,
2371 2247 2410 2283 et
2438 2245 2567 2283 noctis

342 2322 526 2358 aeternae
555 2331 830 2371 aquarumque
859 2318 1087 2371 Stygiarum
1122 2322 1159 2358 et
1193 2330 1415 2370 poenarum
1452 2305 1556 2373 quae
1584 2318 1861 2358 damnatorum
1897 2319 2053 2358 animas
2081 2321 2246 2358 manent
2274 2317 2383 2358 subit
2418 2301 2562 2371 imago.

341 2392 416 2433 His
446 2394 662 2434 terroribus
691 2398 900 2445 commota,
930 2396 1045 2447 quasi
1072 2396 1153 2434 iam
1182 2396 1285 2434 inter
1315 2394 1483 2451 umbras¹
1505 2407 1575 2448 pro
1596 2393 1786 2435 tribunali
1809 2397 2001 2445 versetur,
2030 2392 2249 2434 obtestatur
2276 2393 2411 2434 Ditem
2444 2397 2489 2434 ut
2524 2396 2566 2434 in

340 2471 427 2510 iure
469 2471 640 2512 molliter
679 2484 817 2512 secum
861 2475 951 2525 agat
984 2472 1049 2512 vel
1093 2473 1127 2512 si
1167 2472 1365 2512 iudicium
1411 2471 1605 2512 sollemne
1647 2470 1724 2511 sibi
1765 2470 2024 2512 subeundum
2056 2471 2108 2510 sit
2137 2473 2182 2510 ut
2208 2470 2387 2523 legitima
2413 2472 2567 2512 ratione

341 2559 461 2586 eausa
492 2547 570 2587 sibi
600 2548 770 2588 dicenda
801 2551 861 2588 sit.
919 2549 1004 2589 Iam
1034 2550 1159 2590 verba
1188 2550 1319 2589 facere
1347 2531 1503 2606 incipit:
1547 2560 1629 2589 non
1658 2560 1759 2601 opus
1784 2550 2051 2599 est'patrono‚
2079 2547 2178 2598 ‘ipsa
2207 2546 2339 2600 loquor
2370 2561 2449 2598 pro
2482 2546 2567 2592 me'3

341 2623 410 2662 sed
441 2625 594 2664 sensim
623 2626 725 2665 redit
752 2626 991 2666 recordatio:
1022 2627 1202 2666 nondum
1224 2626 1430 2665 descendit
1448 2626 1490 2665 in
1510 2624 1717 2665 charontis
1737 2626 1940 2675 cymbam:
1969 2624 2102 2675 pergit
2126 2624 2262 2676 itaque
2290 2625 2333 2663 in
2357 2624 2568 2674 sermo-nis,

341 2712 420 2750 quo
450 2701 635 2741 ultimum
666 2703 753 2740 suis
782 2703 916 2742 valere
944 2703 1098 2742 dictura
1125 2704 1213 2753 fuit,
1242 2714 1365 2741 cursu
1393 2702 1596 2754 paulisper
1622 2702 1865 2741 intermisso.

554 2830 588 2867 *)
613 2828 736 2861 eisdem
762 2829 926 2862 coloribus
950 2829 1102 2862 Marcelli
1126 2832 1270 2862 mortem
1293 2824 1509 2871 immaturam
1543 2828 1661 2862 deflet:
1695 2830 1770 2868 quid
1810 2840 1909 2869 yenwr
1943 2835 1998 2859 ant
2032 2828 2131 2858 virtus
2154 2834 2209 2859 aaa
2235 2829 2351 2867 optima
2372 2829 2494 2869 prqu‘t
2518 2829 2569 2859 illi

345 2889 444 2913 mater
469 2890 497 2913 et
520 2884 695 2923 ampleoemn
722 2885 873 2915 Caesaris
897 2897 965 2915 ease
983 2886 1097 2923 socos!
1138 2884 1190 2917 III
1223 2886 1270 2922 18,
1314 2886 1362 2922 11,
1386 2882 1493 2926 neq*
1515 2884 1614 2917 aliter
1634 2885 1686 2918 vel
1708 2884 1850 2918 Porcius
1871 2884 2009 2917 Licinus
2032 2883 2072 2917 do
2096 2883 2272 2916 Terentio}
2295 2890 2433 2914 mortum
2467 2883 2569 2924 Stym-

340 2937 437 2975 phala·
457 2939 624 2968 Arcadiae
648 2940 678 2968 in
703 2940 819 2978 oppido
846 2940 1034 2978 <sepultus
1058 2945 1113 2968 est.
1128 2943 1163 2979 >
1224 2939 1335 2977 Scipio
1361 2939 1408 2967 nil
1425 2939 1556 2979 prqsm't,
1592 2939 1638 2968 nil
1658 2939 1801 2976 Laelius,
1834 2939 1881 2968 nil
1905 2939 2029 2974 Furius,
2054 2937 2106 2969 vel
2128 2937 2303 2970 Cornelius
2327 2937 2467 2970 Severus
2490 2947 2569 2969 eon-

345 2995 484 3034 questus
508 2995 560 3025 ost
583 2991 623 3025 de
647 2993 822 3026 Cicerone:
862 2993 936 3032 quid
960 2994 1064 3034 favor
1088 2999 1142 3023 ant
1165 2998 1279 3029 coetus,
1313 2992 1403 3032 pleni
1434 2990 1695 3031 quid‘lmnoribm
1729 2994 1808 3024 anni
1824 2994 2038 3034 profuerant?
2071 2992 2177 3023 sacris
2201 2992 2329 3024 exculta
2352 2993 2426 3032 quid
2448 2994 2568 3023 artibus

341 3047 425 3076 vua?

1192 3112 1716 3160 ψ
